@manual{Python,
  title        = {The Python Language Reference, Version 3.11},
  author       = {Python Software Foundation,},
  year         = {2024},
  url          = {https://docs.python.org/3.11/reference/index.html},
  note         = {Accessed: 2024-12-06}
}
